@phdthesis{papaioannou2022designing,
  title  = {Designing coherent and engaging open-domain conversational AI systems},
  author = {Papaioannou, Ioannis and others},
  year   = {2022},
  school = {Heriot-Watt University}
}
@article{jiang2023active,
  title   = {Active retrieval augmented generation},
  author  = {Jiang, Zhengbao and Xu, Frank F and Gao, Luyu and Sun, Zhiqing and Liu, Qian and Dwivedi-Yu, Jane and Yang, Yiming and Callan, Jamie and Neubig, Graham},
  journal = {arXiv preprint arXiv:2305.06983},
  year    = {2023}
}
@article{gao2023retrieval,
  title   = {Retrieval-augmented generation for large language models: A survey},
  author  = {Gao, Yunfan and Xiong, Yun and Gao, Xinyu and Jia, Kangxiang and Pan, Jinliu and Bi, Yuxi and Dai, Yi and Sun, Jiawei and Wang, Haofen},
  journal = {arXiv preprint arXiv:2312.10997},
  year    = {2023}
}

@misc{murray2021literacy,
  title     = {Literacy is inadequate: young children need literacies},
  author    = {Murray, Jane},
  journal   = {International Journal of Early Years Education},
  volume    = {29},
  number    = {1},
  pages     = {1--5},
  year      = {2021},
  publisher = {Taylor \& Francis}
}

@article{nielen2018digital,
  title     = {Digital guidance for susceptible readers: Effects on fifth gradersâ€™ reading motivation and incidental vocabulary learning},
  author    = {Nielen, Thijs MJ and Smith, Glenn G and Sikkema-de Jong, Maria T and Drobisz, Jack and van Horne, Bill and Bus, Adriana G},
  journal   = {Journal of Educational Computing Research},
  volume    = {56},
  number    = {1},
  pages     = {48--73},
  year      = {2018},
  publisher = {Sage Publications Sage CA: Los Angeles, CA}
}

@inproceedings{alaimi2020pedagogical,
  title     = {Pedagogical agents for fostering question-asking skills in children},
  author    = {Alaimi, Mehdi and Law, Edith and Pantasdo, Kevin Daniel and Oudeyer, Pierre-Yves and Sauzeon, H{\'e}l{\`e}ne},
  booktitle = {Proceedings of the 2020 CHI Conference on Human Factors in Computing Systems},
  pages     = {1--13},
  year      = {2020}
}